@book{NoisyChannelSource,
 author = {Eric Brill and Robert C. Moore},
 title = {An Improved Error Model for Noisy Channel Spelling Correction, page 1-2},
 year = {2000},
 publisher = {Microsoft Research},
}
@book{BigramSource,
 author = { Ted Dunning},
 title = {Statistical Identification of Language},
 year = {1994},
 publisher = {New Mexico State University},
}